%YAML 1.1
%TAG !u! tag:unity3d.com,2011:
--- !u!65 &7893610753507578012
BoxCollider:
  m_ObjectHideFlags: 0
  m_CorrespondingSourceObject: {fileID: 0}
  m_PrefabInstance: {fileID: 0}
  m_PrefabAsset: {fileID: 0}
  m_GameObject: {fileID: 1793734358841389151}
  m_Material: {fileID: 0}
  m_IsTrigger: 0
  m_Enabled: 1
  serializedVersion: 2
  m_Size: {x: 3.1594024, y: 2.5047143, z: 5.3768573}
  m_Center: {x: 0, y: 1.2632855, z: 0.0000026226044}
--- !u!1 &2332393893657819918
GameObject:
  m_ObjectHideFlags: 0
  m_CorrespondingSourceObject: {fileID: 0}
  m_PrefabInstance: {fileID: 0}
  m_PrefabAsset: {fileID: 0}
  serializedVersion: 6
  m_Component:
  - component: {fileID: 4567783774746763121}
  - component: {fileID: 756990438682173278}
  - component: {fileID: 812591722480654483}
  - component: {fileID: 4978362024302487665}
  - component: {fileID: 5304203626845191672}
  - component: {fileID: 8222189690031448167}
  m_Layer: 9
  m_Name: ute_empty_yellow
  m_TagString: Untagged
  m_Icon: {fileID: 0}
  m_NavMeshLayer: 0
  m_StaticEditorFlags: 0
  m_IsActive: 1
--- !u!4 &4567783774746763121
Transform:
  m_ObjectHideFlags: 0
  m_CorrespondingSourceObject: {fileID: 0}
  m_PrefabInstance: {fileID: 0}
  m_PrefabAsset: {fileID: 0}
  m_GameObject: {fileID: 2332393893657819918}
  m_LocalRotation: {x: 0, y: 0, z: 0, w: 1}
  m_LocalPosition: {x: 0, y: 0, z: 0}
  m_LocalScale: {x: 1, y: 1, z: 1}
  m_Children:
  - {fileID: 1793734358840962175}
  m_Father: {fileID: 0}
  m_RootOrder: 0
  m_LocalEulerAnglesHint: {x: 0, y: 0, z: 0}
--- !u!54 &756990438682173278
Rigidbody:
  m_ObjectHideFlags: 0
  m_CorrespondingSourceObject: {fileID: 0}
  m_PrefabInstance: {fileID: 0}
  m_PrefabAsset: {fileID: 0}
  m_GameObject: {fileID: 2332393893657819918}
  serializedVersion: 2
  m_Mass: 2.5
  m_Drag: 0
  m_AngularDrag: 0.05
  m_UseGravity: 1
  m_IsKinematic: 0
  m_Interpolate: 0
  m_Constraints: 0
  m_CollisionDetection: 0
--- !u!114 &812591722480654483
MonoBehaviour:
  m_ObjectHideFlags: 0
  m_CorrespondingSourceObject: {fileID: 0}
  m_PrefabInstance: {fileID: 0}
  m_PrefabAsset: {fileID: 0}
  m_GameObject: {fileID: 2332393893657819918}
  m_Enabled: 1
  m_EditorHideFlags: 0
  m_Script: {fileID: 11500000, guid: 036a2fd469825b949bd9aa5663e0412b, type: 3}
  m_Name: 
  m_EditorClassIdentifier: 
  levels: 
  andGreater: 0
  triggered: 0
  startHealth: 150
  Health: 0
--- !u!114 &4978362024302487665
MonoBehaviour:
  m_ObjectHideFlags: 0
  m_CorrespondingSourceObject: {fileID: 0}
  m_PrefabInstance: {fileID: 0}
  m_PrefabAsset: {fileID: 0}
  m_GameObject: {fileID: 2332393893657819918}
  m_Enabled: 0
  m_EditorHideFlags: 0
  m_Script: {fileID: 11500000, guid: 5d039134acf55a14fbb781a9c088c4ea, type: 3}
  m_Name: 
  m_EditorClassIdentifier: 
  explosionTime: 0
  randomizeExplosionTime: 0
  radius: 1
  power: 1
  probeCount: 1
  explodeDuration: 1
--- !u!114 &5304203626845191672
MonoBehaviour:
  m_ObjectHideFlags: 0
  m_CorrespondingSourceObject: {fileID: 0}
  m_PrefabInstance: {fileID: 0}
  m_PrefabAsset: {fileID: 0}
  m_GameObject: {fileID: 2332393893657819918}
  m_Enabled: 1
  m_EditorHideFlags: 0
  m_Script: {fileID: 11500000, guid: 4c8447707869e4740843fba36fa42f84, type: 3}
  m_Name: 
  m_EditorClassIdentifier: 
  explosionEffectsContainer: {fileID: 100000, guid: 15ca5b8fa431dc04291a79cadcd19874,
    type: 3}
  scale: 2
  playbackSpeed: 1
--- !u!114 &8222189690031448167
MonoBehaviour:
  m_ObjectHideFlags: 0
  m_CorrespondingSourceObject: {fileID: 0}
  m_PrefabInstance: {fileID: 0}
  m_PrefabAsset: {fileID: 0}
  m_GameObject: {fileID: 2332393893657819918}
  m_Enabled: 1
  m_EditorHideFlags: 0
  m_Script: {fileID: 11500000, guid: 026a2deff3dab194893abb8f75720da5, type: 3}
  m_Name: 
  m_EditorClassIdentifier: 
  volumetricExplosion: {fileID: 100000, guid: 5d028565f79e270408884b995abc06ef, type: 3}
  count: 1
  scale: 2
  randomness: 0.6
  duration: 1.5
--- !u!1001 &1793734358841358071
PrefabInstance:
  m_ObjectHideFlags: 0
  serializedVersion: 2
  m_Modification:
    m_TransformParent: {fileID: 4567783774746763121}
    m_Modifications:
    - target: {fileID: 100008, guid: 83ca4f42a9302344f86dd4a182495cd1, type: 3}
      propertyPath: m_Name
      value: ute_empty_seperate_yellow
      objectReference: {fileID: 0}
    - target: {fileID: 100008, guid: 83ca4f42a9302344f86dd4a182495cd1, type: 3}
      propertyPath: m_Layer
      value: 9
      objectReference: {fileID: 0}
    - target: {fileID: 400008, guid: 83ca4f42a9302344f86dd4a182495cd1, type: 3}
      propertyPath: m_LocalPosition.x
      value: 0
      objectReference: {fileID: 0}
    - target: {fileID: 400008, guid: 83ca4f42a9302344f86dd4a182495cd1, type: 3}
      propertyPath: m_LocalPosition.y
      value: 0
      objectReference: {fileID: 0}
    - target: {fileID: 400008, guid: 83ca4f42a9302344f86dd4a182495cd1, type: 3}
      propertyPath: m_LocalPosition.z
      value: 0
      objectReference: {fileID: 0}
    - target: {fileID: 400008, guid: 83ca4f42a9302344f86dd4a182495cd1, type: 3}
      propertyPath: m_LocalRotation.x
      value: 0
      objectReference: {fileID: 0}
    - target: {fileID: 400008, guid: 83ca4f42a9302344f86dd4a182495cd1, type: 3}
      propertyPath: m_LocalRotation.y
      value: 1
      objectReference: {fileID: 0}
    - target: {fileID: 400008, guid: 83ca4f42a9302344f86dd4a182495cd1, type: 3}
      propertyPath: m_LocalRotation.z
      value: 0
      objectReference: {fileID: 0}
    - target: {fileID: 400008, guid: 83ca4f42a9302344f86dd4a182495cd1, type: 3}
      propertyPath: m_LocalRotation.w
      value: 0
      objectReference: {fileID: 0}
    - target: {fileID: 400008, guid: 83ca4f42a9302344f86dd4a182495cd1, type: 3}
      propertyPath: m_RootOrder
      value: 0
      objectReference: {fileID: 0}
    - target: {fileID: 400008, guid: 83ca4f42a9302344f86dd4a182495cd1, type: 3}
      propertyPath: m_LocalEulerAnglesHint.x
      value: 0
      objectReference: {fileID: 0}
    - target: {fileID: 400008, guid: 83ca4f42a9302344f86dd4a182495cd1, type: 3}
      propertyPath: m_LocalEulerAnglesHint.y
      value: 180
      objectReference: {fileID: 0}
    - target: {fileID: 400008, guid: 83ca4f42a9302344f86dd4a182495cd1, type: 3}
      propertyPath: m_LocalEulerAnglesHint.z
      value: 0
      objectReference: {fileID: 0}
    - target: {fileID: 100006, guid: 83ca4f42a9302344f86dd4a182495cd1, type: 3}
      propertyPath: m_Layer
      value: 9
      objectReference: {fileID: 0}
    - target: {fileID: 100004, guid: 83ca4f42a9302344f86dd4a182495cd1, type: 3}
      propertyPath: m_Layer
      value: 9
      objectReference: {fileID: 0}
    - target: {fileID: 100002, guid: 83ca4f42a9302344f86dd4a182495cd1, type: 3}
      propertyPath: m_Layer
      value: 9
      objectReference: {fileID: 0}
    - target: {fileID: 100000, guid: 83ca4f42a9302344f86dd4a182495cd1, type: 3}
      propertyPath: m_Layer
      value: 9
      objectReference: {fileID: 0}
    m_RemovedComponents: []
  m_SourcePrefab: {fileID: 100100000, guid: 83ca4f42a9302344f86dd4a182495cd1, type: 3}
--- !u!1 &1793734358841389151 stripped
GameObject:
  m_CorrespondingSourceObject: {fileID: 100008, guid: 83ca4f42a9302344f86dd4a182495cd1,
    type: 3}
  m_PrefabInstance: {fileID: 1793734358841358071}
  m_PrefabAsset: {fileID: 0}
--- !u!4 &1793734358840962175 stripped
Transform:
  m_CorrespondingSourceObject: {fileID: 400008, guid: 83ca4f42a9302344f86dd4a182495cd1,
    type: 3}
  m_PrefabInstance: {fileID: 1793734358841358071}
  m_PrefabAsset: {fileID: 0}
